<?xml version="1.0" encoding="utf-8"?>
<record xmlns="http://www.loc.gov/MARC21/slim" xmlns:xsi="http://www.w3.org/2001/XMLSchema-instance" xsi:schemaLocation="http://www.loc.gov/MARC21/slim http://www.loc.gov/standards/marcxml/schema/MARC21slim.xsd">
	<leader>     nam a22     Mi 4500</leader>
	<controlfield tag="001">b13485210</controlfield>
	<controlfield tag="003">LeBAU</controlfield>
	<controlfield tag="006">m        d        </controlfield>
	<controlfield tag="007">cr cn |||m|||a</controlfield>
	<controlfield tag="008">180321s1922    ua      o     ||0 f ara d</controlfield>
	<datafield ind1=" " ind2=" " tag="037">
		<subfield code="b">Talal Majed Al Majzoub</subfield>
		<subfield code="c">8</subfield>
		<subfield code="z">35378</subfield>
	</datafield>
	<datafield ind1=" " ind2=" " tag="040">
		<subfield code="a">ZYU</subfield>
		<subfield code="b">ara</subfield>
		<subfield code="e">rda</subfield>
		<subfield code="c">ZYU</subfield>
	</datafield>
	<datafield ind1="1" ind2=" " tag="041">
		<subfield code="a">ara</subfield>
		<subfield code="h">fre</subfield>
	</datafield>
	<datafield ind1=" " ind2="4" tag="050">
		<subfield code="a">PQ2211.C3</subfield>
		<subfield code="b">P7 1922</subfield>
	</datafield>
	<datafield ind1="0" ind2="4" tag="082">
		<subfield code="a">848</subfield>
		<subfield code="2">22</subfield>
	</datafield>
	<datafield ind1="1" ind2=" " tag="100">
		<subfield code="6">880-01</subfield>
		<subfield code="a">Coppée, François,</subfield>
		<subfield code="d">1842-1908,</subfield>
		<subfield code="e">author.</subfield>
	</datafield>
	<datafield ind1="1" ind2="0" tag="240">
		<subfield code="a">Pour la couronne.</subfield>
		<subfield code="l">Arabic</subfield>
	</datafield>
	<datafield ind1="1" ind2="0" tag="245">
		<subfield code="6">880-02</subfield>
		<subfield code="a">Riwāyat fī Sabīl al-tāj /</subfield>
		<subfield code="c">bi-qalam Muṣṭafá Luṭfī al-Manfalūṭī.</subfield>
	</datafield>
	<datafield ind1="3" ind2="0" tag="246">
		<subfield code="6">880-03</subfield>
		<subfield code="a">Fī Sabīl al-tāj</subfield>
	</datafield>
	<datafield ind1=" " ind2=" " tag="250">
		<subfield code="6">880-04</subfield>
		<subfield code="a">al-Ṭab‘ah al-thālithah</subfield>
	</datafield>
	<datafield ind1=" " ind2="1" tag="264">
		<subfield code="6">880-05</subfield>
		<subfield code="a">Miṣr :</subfield>
		<subfield code="b">al-Maktabah al-Tijārīyah al-Kubrá,</subfield>
		<subfield code="c">1922.</subfield>
	</datafield>
	<datafield ind1=" " ind2=" " tag="300">
		<subfield code="6">880-06</subfield>
		<subfield code="a">online resource (116 pages)</subfield>
	</datafield>
	<datafield ind1=" " ind2=" " tag="336">
		<subfield code="a">text</subfield>
		<subfield code="2">rdacontent</subfield>
	</datafield>
	<datafield ind1=" " ind2=" " tag="337">
		<subfield code="a">computer</subfield>
		<subfield code="2">rdamedia</subfield>
	</datafield>
	<datafield ind1=" " ind2=" " tag="338">
		<subfield code="a">online resource</subfield>
		<subfield code="2">rdacarrier</subfield>
	</datafield>
	<datafield ind1=" " ind2=" " tag="500">
		<subfield code="a">Part of the Arabic Collections Online (ACO) project, contributed by American University of Beirut's Jafet Memorial Library.</subfield>
	</datafield>
	<datafield ind1=" " ind2=" " tag="533">
		<subfield code="a">Electronic reproduction.</subfield>
		<subfield code="b">New York, N.Y. :</subfield>
		<subfield code="c">New York University,</subfield>
		<subfield code="d">2018.</subfield>
		<subfield code="5">NNU</subfield>
	</datafield>
	<datafield ind1=" " ind2="0" tag="650">
		<subfield code="6">880-07</subfield>
		<subfield code="a">French fiction</subfield>
		<subfield code="x">Translations into Arabic.</subfield>
	</datafield>
	<datafield ind1=" " ind2="0" tag="655">
		<subfield code="6">880-08</subfield>
		<subfield code="a">Novel.</subfield>
	</datafield>
	<datafield ind1="1" ind2=" " tag="700">
		<subfield code="6">880-09</subfield>
		<subfield code="a">Manfalūṭī, Muṣṭafá Luṭfī,</subfield>
		<subfield code="d">1876?-1924,</subfield>
		<subfield code="e">translator.</subfield>
	</datafield>
	<datafield ind1="2" ind2=" " tag="710">
		<subfield code="a">Jafet Memorial Library.</subfield>
	</datafield>
	<datafield ind1="0" ind2=" " tag="730">
		<subfield code="a">Arabic Collections Online.</subfield>
	</datafield>
	<datafield ind1="0" ind2=" " tag="775">
		<subfield code="6">880-10</subfield>
		<subfield code="t">Riwāyat fī Sabīl al-tāj.</subfield>
		<subfield code="b">al-Ṭab‘ah al-sādisah</subfield>
		<subfield code="d">al-Qāhirah : Maṭbaʻat al-Istiqāmah, 1357 H. =1938 M.</subfield>
		<subfield code="w">(OCoLC)784557467</subfield>
		<subfield code="w">(OCoLC)784557467</subfield>
	</datafield>
	<datafield ind1="0" ind2=" " tag="775">
		<subfield code="6">880-11</subfield>
		<subfield code="t">Riwāyat fī Sabīl al-tāj.</subfield>
		<subfield code="b">al-Ṭab‘ah al-rābi‘ah ‘ashar</subfield>
		<subfield code="d">al-Qāhirah : Maṭbaʻat al-Istiqāmah, 1373 [H.] =1954 [M.]</subfield>
		<subfield code="w">(OCoLC)784412417</subfield>
		<subfield code="w">(OCoLC)784412417</subfield>
	</datafield>
	<datafield ind1="0" ind2="8" tag="776">
		<subfield code="i">Print version:</subfield>
		<subfield code="a">Coppée, François, 1842-1908, author.</subfield>
		<subfield code="t">Riwāyat fī Sabīl al-tāj</subfield>
		<subfield code="w">(LeBAU)b13485210</subfield>
	</datafield>
	<datafield ind1="4" ind2="0" tag="856">
		<subfield code="u">http://hdl.handle.net/2333.1/jm63z00n</subfield>
	</datafield>
	<datafield ind1="1" ind2=" " tag="880">
		<subfield code="6">100-01</subfield>
		<subfield code="a">كوبيه، فرنسوا،</subfield>
		<subfield code="d">1842-1908،</subfield>
		<subfield code="e">مؤلف.</subfield>
		<subfield code="4">aut.</subfield>
	</datafield>
	<datafield ind1="1" ind2="0" tag="880">
		<subfield code="6">245-02</subfield>
		<subfield code="a">رواية في سبيل التاج /</subfield>
		<subfield code="c">بقلم مصطفى لطفي المنفلوطي.</subfield>
	</datafield>
	<datafield ind1="3" ind2="0" tag="880">
		<subfield code="6">246-03</subfield>
		<subfield code="a">في سبيل التاج</subfield>
	</datafield>
	<datafield ind1=" " ind2=" " tag="880">
		<subfield code="6">250-04</subfield>
		<subfield code="a">الطبعة الثالثة.</subfield>
	</datafield>
	<datafield ind1=" " ind2="1" tag="880">
		<subfield code="6">264-05</subfield>
		<subfield code="a">مصر :</subfield>
		<subfield code="b">المكتبة التجارية الكبرى،</subfield>
		<subfield code="c">1922.</subfield>
	</datafield>
	<datafield ind1=" " ind2=" " tag="880">
		<subfield code="6">300-06</subfield>
		<subfield code="a">116 صفحة ؛</subfield>
		<subfield code="c">24 سم</subfield>
	</datafield>
	<datafield ind1=" " ind2=" " tag="880">
		<subfield code="6">500-00</subfield>
		<subfield code="a">ترجمة كتاب: Pour la couronne.</subfield>
	</datafield>
	<datafield ind1=" " ind2=" " tag="880">
		<subfield code="6">500-00</subfield>
		<subfield code="a">&quot;وهي خلاصة رواية تمثيلية بهذا الإسم للكاتب الفرنسي الشهير فرانسوا كوبيه مع بعض التصرف.&quot;</subfield>
	</datafield>
	<datafield ind1=" " ind2="4" tag="880">
		<subfield code="6">650-07</subfield>
		<subfield code="a">القصة الفرنسية</subfield>
		<subfield code="v">ترجمات الى العربية.</subfield>
	</datafield>
	<datafield ind1=" " ind2="4" tag="880">
		<subfield code="6">655-08</subfield>
		<subfield code="a">رواية.</subfield>
	</datafield>
	<datafield ind1="1" ind2=" " tag="880">
		<subfield code="6">700-09</subfield>
		<subfield code="a">المنفلوطي، مصطفى لطفي،</subfield>
		<subfield code="d">1876?-1924،</subfield>
		<subfield code="e">مترجم.</subfield>
		<subfield code="4">trl.</subfield>
	</datafield>
	<datafield ind1="0" ind2=" " tag="880">
		<subfield code="6">775-10</subfield>
		<subfield code="t">رواية في سبيل التاج.</subfield>
		<subfield code="b">الطبعة السادسة</subfield>
		<subfield code="d">القاهرة : مطبعة الاستقامة، 1357 هـ. = 1938 م.</subfield>
		<subfield code="w">b13544998</subfield>
		<subfield code="w">(OCoLC)784557467</subfield>
	</datafield>
	<datafield ind1="0" ind2=" " tag="880">
		<subfield code="6">775-11</subfield>
		<subfield code="t">رواية في سبيل التاج.</subfield>
		<subfield code="b">الطبعة الرابعة عشر</subfield>
		<subfield code="d">القاهرة : مطبعة الاستقامة، 1373 [هـ.] = 1954 [م.]</subfield>
		<subfield code="w">b12573711</subfield>
		<subfield code="w">(OCoLC)784412417</subfield>
	</datafield>
	<datafield ind1=" " ind2=" " tag="959">
		<subfield code="a">NNU</subfield>
		<subfield code="b">WEB</subfield>
		<subfield code="c">GENI</subfield>
		<subfield code="t">0</subfield>
		<subfield code="m">Electronic access</subfield>
		<subfield code="s">01</subfield>
	</datafield>
	<datafield ind1=" " ind2=" " tag="999">
		<subfield code="i">LeBAU_b13485210</subfield>
		<subfield code="s">aub_aco001632</subfield>
		<subfield code="e">(ERROR-880)</subfield>
		<subfield code="s">aub_aco001632</subfield>
	</datafield>
</record>
